<?xml version="1.0" encoding="UTF-8"?>
<record xmlns="http://www.loc.gov/MARC21/slim" xmlns:xsi="http://www.w3.org/2001/XMLSchema-instance" xsi:schemaLocation="http://www.loc.gov/MARC21/slim http://www.loc.gov/standards/marcxml/schema/MARC21slim.xsd">
<leader>00000cam a22      i 4500</leader>
<controlfield tag="001">001792116</controlfield>
<controlfield tag="003">NNU</controlfield>
<controlfield tag="005">20150610163629.0</controlfield>
<controlfield tag="008">850617s1969    iq       b    000 0 ara</controlfield>
<datafield tag="010" ind1=" " ind2=" ">
<subfield code="a">   74961522</subfield>
</datafield>
<datafield tag="020" ind1=" " ind2=" ">
<subfield code="c">ID0.80</subfield>
</datafield>
<datafield tag="035" ind1=" " ind2=" ">
<subfield code="a">(OCoLC)13891055</subfield>
</datafield>
<datafield tag="040" ind1=" " ind2=" ">
<subfield code="a">DLC</subfield>
<subfield code="b">eng</subfield>
<subfield code="c">NYP</subfield>
<subfield code="d">OCL</subfield>
<subfield code="d">OCLCG</subfield>
<subfield code="d">CLU</subfield>
<subfield code="d">OCLCA</subfield>
<subfield code="d">IUL</subfield>
<subfield code="d">OCLCQ</subfield>
<subfield code="d">OCLCO</subfield>
<subfield code="d">OCLCF</subfield>
</datafield>
<datafield tag="050" ind1=" " ind2="4">
<subfield code="a">BP166</subfield>
<subfield code="b">I332 1969</subfield>
</datafield>
<datafield tag="100" ind1="1" ind2=" ">
<subfield code="6">880-01</subfield>
<subfield code="a">Ibn Abī al-ʻIzz, ʻAlī ibn ʻAlī,</subfield>
<subfield code="d">1330 or 1331-1389 or 1390.</subfield>
</datafield>
<datafield tag="240" ind1="1" ind2="0">
<subfield code="6">880-02</subfield>
<subfield code="a">Sharḥ al-Ṭaḥāwīyah fī al-ʻaqīdah al-Salafīyah.</subfield>
<subfield code="k">Selections</subfield>
</datafield>
<datafield tag="245" ind1="1" ind2="0">
<subfield code="6">880-03</subfield>
<subfield code="a">Mukhtaṣar Sharḥ al-ʻaqīdah al-Ṭaḥāwīyah /</subfield>
<subfield code="c">[li-ʻAlī ibn Muḥammad ibn Muḥammad ibn Abī al-ʻIzz al-Ḥanafī].</subfield>
</datafield>
<datafield tag="246" ind1="3" ind2="0">
<subfield code="6">880-04</subfield>
<subfield code="a">Sharḥ al-ʻAqīdah al-Ṭaḥāwīyah</subfield>
</datafield>
<datafield tag="250" ind1=" " ind2=" ">
<subfield code="6">880-05</subfield>
<subfield code="a">al-Ṭabʻah 1.</subfield>
</datafield>
<datafield tag="260" ind1=" " ind2=" ">
<subfield code="6">880-06</subfield>
<subfield code="a">Baghdād :</subfield>
<subfield code="b">Dār al-Nadhīr lil-Ṭibāʻah wa-al-Nashr,</subfield>
<subfield code="c">[1969]</subfield>
</datafield>
<datafield tag="300" ind1=" " ind2=" ">
<subfield code="a">347 pages ;</subfield>
<subfield code="c">24 cm</subfield>
</datafield>
<datafield tag="336" ind1=" " ind2=" ">
<subfield code="a">text</subfield>
<subfield code="b">txt</subfield>
<subfield code="2">rdacontent</subfield>
</datafield>
<datafield tag="337" ind1=" " ind2=" ">
<subfield code="a">unmediated</subfield>
<subfield code="b">n</subfield>
<subfield code="2">rdamedia</subfield>
</datafield>
<datafield tag="338" ind1=" " ind2=" ">
<subfield code="a">volume</subfield>
<subfield code="b">nc</subfield>
<subfield code="2">rdacarrier</subfield>
</datafield>
<datafield tag="500" ind1=" " ind2=" ">
<subfield code="a">Editor's signature, p. 336: Muḥammad Nāṣir al-Albānī.</subfield>
</datafield>
<datafield tag="504" ind1=" " ind2=" ">
<subfield code="a">Includes bibliographical references.</subfield>
</datafield>
<datafield tag="650" ind1=" " ind2="0">
<subfield code="a">Islam</subfield>
<subfield code="x">Doctrines</subfield>
<subfield code="v">Early works to 1800.</subfield>
</datafield>
<datafield tag="650" ind1=" " ind2="7">
<subfield code="a">Islam</subfield>
<subfield code="x">Doctrines.</subfield>
<subfield code="2">fast</subfield>
<subfield code="0">(OCoLC)fst00979787</subfield>
</datafield>
<datafield tag="655" ind1=" " ind2="7">
<subfield code="a">Early works.</subfield>
<subfield code="2">fast</subfield>
<subfield code="0">(OCoLC)fst01411636</subfield>
</datafield>
<datafield tag="700" ind1="1" ind2=" ">
<subfield code="6">880-07</subfield>
<subfield code="a">Albānī, Muḥammad Nāṣir al-Dīn,</subfield>
<subfield code="e">editor.</subfield>
</datafield>
<datafield tag="700" ind1="1" ind2=" ">
<subfield code="6">880-08</subfield>
<subfield code="a">Ṭaḥāwī, Aḥmad ibn Muḥammad,</subfield>
<subfield code="d">852?-933.</subfield>
<subfield code="t">ʻAqīdah.</subfield>
</datafield>
<datafield tag="776" ind1="0" ind2="8">
<subfield code="i">Online version:</subfield>
<subfield code="a">Ibn Abī al-ʻIzz, ʻAlī ibn ʻAlī, 1330 or 31-1389 or 90.</subfield>
<subfield code="t">Mukhtaṣar sharḥ al-ʻaqīdah al-Ṭaḥāwīyah.</subfield>
<subfield code="b">al-Ṭabʻah 1.</subfield>
<subfield code="d">Baghdād, Dār al-Nadhīr lil-Ṭibāʻah wa-al-Nashr [1969]</subfield>
<subfield code="w">(OCoLC)644536382</subfield>
</datafield>
<datafield tag="880" ind1="1" ind2=" ">
<subfield code="6">100-01/</subfield>
<subfield code="a">ابن ابي العز، علي بن علي،,</subfield>
<subfield code="d">1330 or 1331-1389 or 1390.</subfield>
</datafield>
<datafield tag="880" ind1="1" ind2="0">
<subfield code="6">240-02/</subfield>
<subfield code="a">شرح الطحاوية في العقيدة السلفية.</subfield>
<subfield code="k">مختارات</subfield>
</datafield>
<datafield tag="880" ind1="1" ind2="0">
<subfield code="6">245-03/</subfield>
<subfield code="a">مختصر شرح العقيدة الطحاوية /</subfield>
<subfield code="c">[لعلي بن محمد بن محمد بن ابي العز الحنفي].</subfield>
</datafield>
<datafield tag="880" ind1="3" ind2="0">
<subfield code="6">246-04/</subfield>
<subfield code="a">شرح العقيدة الطحاوية</subfield>
</datafield>
<datafield tag="880" ind1=" " ind2=" ">
<subfield code="6">250-05/</subfield>
<subfield code="a">الطبعة 1.</subfield>
</datafield>
<datafield tag="880" ind1=" " ind2=" ">
<subfield code="6">260-06/</subfield>
<subfield code="a">بغداد :</subfield>
<subfield code="b">دار النذير للطباعة والنشر،</subfield>
<subfield code="c">[1969]</subfield>
</datafield>
<datafield tag="880" ind1="1" ind2=" ">
<subfield code="6">700-07/</subfield>
<subfield code="a">الباني، محمد ناصر الدين.</subfield>
</datafield>
<datafield tag="880" ind1="1" ind2=" ">
<subfield code="6">700-08/</subfield>
<subfield code="a">طحاوي، احمد بن محمد،</subfield>
<subfield code="d">852?-933.</subfield>
<subfield code="t">عقيدة.</subfield>
</datafield>
<datafield tag="OWN" ind1=" " ind2=" ">
<subfield code="a">GENERAL</subfield>
</datafield>
<datafield tag="AVA" ind1=" " ind2=" ">
<subfield code="a">NYU50</subfield>
<subfield code="b">BOBST</subfield>
<subfield code="c">Main Collection</subfield>
<subfield code="d">BP166 .I332</subfield>
<subfield code="e">unavailable</subfield>
<subfield code="t">Unavailable</subfield>
<subfield code="f">1</subfield>
<subfield code="g">1</subfield>
<subfield code="h">N</subfield>
<subfield code="i">0</subfield>
<subfield code="j">MAIN</subfield>
<subfield code="k">0</subfield>
</datafield>
</record>
